@article{meerkats, title={Selfish Sentinels in Cooperative Mammals}, volume={284}, DOI={10.1126/science.284.5420.1640}, number={5420}, journal={Science}, author={Clutton-Brock, T. H.}, year={1999}, pages={1640-1644}}

@article{bats, title={Reciprocal food sharing in the vampire bat}, volume={308}, DOI={10.1038\/308181a0}, number={5955}, journal={Nature}, author={Wilkinson, Gerald S.}, year={1984}, pages={181-184}}

@book{dawkins, place={Oxford}, title={The selfish gene}, publisher={Oxford University Press}, author={Dawkins, Clinton Richard}, year={1976}}

@article{smaldino, title={Increased Costs of Cooperation Help Cooperators in the Long Run}, volume={181}, DOI={10.1086/669615}, number={4}, journal={The American Naturalist}, author={Smaldino, Paul E. and Schank, Jeffrey C. and Mcelreath, Richard}, year={2013}, pages={451-463}}

@article{bryson, title={Agent Based Modelling of Communication Costs: Why Information Can Be Free}, DOI={10.1007/978-1-84628-779-4_16}, journal={Emergence of Communication and Language}, author={\v{C}a\v{c}e, Ivana and Bryson, Joanna J.}, year={2007}, pages={305-321}}